@article{jf-01-modern-logic,
  author    = {Jos{\'{e}} Ferreir{\'{o}}s},
  title     = {The road to modern logic - An interpretation},
  journal   = {Bull. Symb. Log.},
  volume    = {7},
  number    = {4},
  pages     = {441--484},
  year      = {2001}
}

@article{kg-30-completeness-theorem,
  author    = {Kurt Gödel},
  title     = {Die Vollständigkeit der Axiome des logischen Funktionenkalküls},
  year      = {1930},
  journal   = {Monatshefte für Mathematik und Physik},
  pages     = {349--360},
  volume    = {37}
}

@article{ac-36-fol-undecidable,
  author    = {Alonzo Church},
  title     = {A Note on the Entscheidungsproblem},
  journal   = {J. Symb. Log.},
  volume    = {1},
  number    = {1},
  pages     = {40--41},
  year      = {1936}
}


@article{tm-37-undecidable,
author = {Turing, A. M.},
title = {On Computable Numbers, with an Application to the Entscheidungsproblem},
journal = {Proceedings of the London Mathematical Society},
volume = {s2-42},
number = {1},
pages = {230-265},
year = {1937}
}
